@book{swan2015blockchain,
  title={Blockchain: Blueprint for a new economy},
  author={Swan, Melanie},
  year={2015},
  publisher={" O'Reilly Media, Inc."}
}


@book{texbook,
  author = {Donald E. Knuth},
  year = {1986},
  title = {The \TeX{} Book},
  publisher = {Addison-Wesley Professional}
}

@inproceedings{miers2013zerocoin,
  title={Zerocoin: Anonymous distributed e-cash from bitcoin},
  author={Miers, Ian and Garman, Christina and Green, Matthew and Rubin, Aviel D},
  booktitle={Security and Privacy (SP), 2013 IEEE Symposium on},
  pages={397--411},
  year={2013},
  organization={IEEE}
}

@article{paverd2014modelling,
  title={Modelling and automatically analysing privacy properties for honest-but-curious adversaries},
  author={Paverd, AJ and Martin, Andrew and Brown, Ian},
  journal={Tech. Rep.},
  year={2014}
}

@incollection{ben2013snarks,
  title={SNARKs for C: Verifying program executions succinctly and in zero knowledge},
  author={Ben-Sasson, Eli and Chiesa, Alessandro and Genkin, Daniel and Tromer, Eran and Virza, Madars},
  booktitle={Advances in Cryptology--CRYPTO 2013},
  pages={90--108},
  year={2013},
  publisher={Springer}
}


@misc{zcash,
  title = {Zcash - How It Works},
  howpublished = {\url{https://z.cash/technology/}},
  note = {Accessed: 2019-01-15}
}


@inproceedings{orlandi2011multiparty,
  title={Is multiparty computation any good in practice?},
  author={Orlandi, Claudio},
  booktitle={Acoustics, Speech and Signal Processing (ICASSP), 2011 IEEE International Conference on},
  pages={5848--5851},
  year={2011},
  organization={IEEE}
}


@book{latex:companion,
  author = {Frank Mittelbach and Michel Gossens
            and Johannes Braams and David Carlisle
            and Chris Rowley},
  year = {2004},
  title = {The \LaTeX{} Companion},
  publisher = {Addison-Wesley Professional},
  edition = {2}
}

@misc{web:lang:stats,
  author = {W3Techs},
  title = {Usage Statistics of Content Languages
           for Websites},
  year = {2017},
  note = {Last accessed 16 September 2017},
  url = {http://w3techs.com/technologies/overview/content_language/all}
}

@article{zhao1999oxidation,
  title={Oxidation of primary alcohols to carboxylic acids with sodium chlorite catalyzed by TEMPO and bleach},
  author={Zhao, Mangzhu and Li, Jing and Mano, Eiichi and Song, Zhiguo and Tschaen, David M and Grabowski, Edward JJ and Reider, Paul J},
  journal={The Journal of Organic Chemistry},
  volume={64},
  number={7},
  pages={2564--2566},
  year={1999},
  publisher={ACS Publications}
}

@inproceedings{weber2016untrusted,
  title={Untrusted business process monitoring and execution using blockchain},
  author={Weber, Ingo and Xu, Xiwei and Riveret, R{\'e}gis and Governatori, Guido and Ponomarev, Alexander and Mendling, Jan},
  booktitle={International Conference on Business Process Management},
  pages={329--347},
  year={2016},
  organization={Springer}
}

@misc{van2013cryptonote,
  title={CryptoNote v 2.0},
  author={Van Saberhagen, Nicolas},
  year={2013}
}


@article{nakamoto2008bitcoin,
  title={Bitcoin: A peer-to-peer electronic cash system},
  author={Nakamoto, Satoshi},
  year={2008},
  publisher={Working Paper}
}

@article{buterin2014next,
  title={A next-generation smart contract and decentralized application platform},
  author={Buterin, Vitalik and others},
  journal={white paper},
  year={2014}
}


@inproceedings{weber2016untrusted,
  title={Untrusted business process monitoring and execution using blockchain},
  author={Weber, Ingo and Xu, Xiwei and Riveret, R{\'e}gis and Governatori, Guido and Ponomarev, Alexander and Mendling, Jan},
  booktitle={International Conference on Business Process Management},
  pages={329--347},
  year={2016},
  organization={Springer}
}


@article{van2007business,
  title={Business process mining: An industrial application},
  author={van der Aalst, Wil MP and Reijers, Hajo A and Weijters, Anton JMM and van Dongen, Boudewijn F and De Medeiros, AK Alves and Song, Minseok and Verbeek, HMW},
  journal={Information Systems},
  volume={32},
  number={5},
  pages={713--732},
  year={2007},
  publisher={Elsevier}
}

@article{flynn2010impact,
  title={The impact of supply chain integration on performance: A contingency and configuration approach},
  author={Flynn, Barbara B and Huo, Baofeng and Zhao, Xiande},
  journal={Journal of operations management},
  volume={28},
  number={1},
  pages={58--71},
  year={2010},
  publisher={Elsevier}
}


@article{narayanan2011antecedents,
  title={The antecedents of process integration in business process outsourcing and its effect on firm performance},
  author={Narayanan, Sriram and Jayaraman, Vaidyanathan and Luo, Yadong and Swaminathan, Jayashankar M},
  journal={Journal of Operations Management},
  volume={29},
  number={1-2},
  pages={3--16},
  year={2011},
  publisher={Elsevier}
}


@article{panayides2009impact,
  title={The impact of trust on innovativeness and supply chain performance},
  author={Panayides, Photis M and Lun, YH Venus},
  journal={International Journal of Production Economics},
  volume={122},
  number={1},
  pages={35--46},
  year={2009},
  publisher={Elsevier}
}

@inproceedings{xiong2011cloudseal,
  title={Cloudseal: End-to-end content protection in cloud-based storage and delivery services},
  author={Xiong, Huijun and Zhang, Xinwen and Zhu, Wei and Yao, Danfeng},
  booktitle={International Conference on Security and Privacy in Communication Systems},
  pages={491--500},
  year={2011},
  organization={Springer}
}


@article{paverd2014modelling,
  title={Modelling and automatically analysing privacy properties for honest-but-curious adversaries},
  author={Paverd, AJ and Martin, Andrew and Brown, Ian},
  journal={Tech. Rep.},
  year={2014}
}

@article{barak2012possibility,
  title={On the (im) possibility of obfuscating programs},
  author={Barak, Boaz and Goldreich, Oded and Impagliazzo, Russell and Rudich, Steven and Sahai, Amit and Vadhan, Salil and Yang, Ke},
  journal={Journal of the ACM (JACM)},
  volume={59},
  number={2},
  pages={6},
  year={2012},
  publisher={ACM}
}


@inproceedings{barak2001possibility,
  title={On the (im) possibility of obfuscating programs},
  author={Barak, Boaz and Goldreich, Oded and Impagliazzo, Rusell and Rudich, Steven and Sahai, Amit and Vadhan, Salil and Yang, Ke},
  booktitle={Annual International Cryptology Conference},
  pages={1--18},
  year={2001},
  organization={Springer}
}


@article{garg2016candidate,
  title={Candidate indistinguishability obfuscation and functional encryption for all circuits},
  author={Garg, Sanjam and Gentry, Craig and Halevi, Shai and Raykova, Mariana and Sahai, Amit and Waters, Brent},
  journal={SIAM Journal on Computing},
  volume={45},
  number={3},
  pages={882--929},
  year={2016},
  publisher={SIAM}
}



@inproceedings{banescu2015idea,
  title={Idea: Benchmarking indistinguishability obfuscation--a candidate implementation},
  author={Banescu, Sebastian and Ochoa, Mart{\'\i}n and Kunze, Nils and Pretschner, Alexander},
  booktitle={International Symposium on Engineering Secure Software and Systems},
  pages={149--156},
  year={2015},
  organization={Springer}
}


@inproceedings{rivest2001leak,
  title={How to leak a secret},
  author={Rivest, Ronald L and Shamir, Adi and Tauman, Yael},
  booktitle={International Conference on the Theory and Application of Cryptology and Information Security},
  pages={552--565},
  year={2001},
  organization={Springer}
}

@article{noether2016ring,
  title={Ring confidential transactions},
  author={Noether, Shen and Mackenzie, Adam and others},
  journal={Ledger},
  volume={1},
  pages={1--18},
  year={2016}
}