@book{swan2015blockchain,
  title={Blockchain: Blueprint for a new economy},
  author={Swan, Melanie},
  year={2015},
  publisher={" O'Reilly Media, Inc."}
}


@book{texbook,
  author = {Donald E. Knuth},
  year = {1986},
  title = {The \TeX{} Book},
  publisher = {Addison-Wesley Professional}
}

@book{latex:companion,
  author = {Frank Mittelbach and Michel Gossens
            and Johannes Braams and David Carlisle
            and Chris Rowley},
  year = {2004},
  title = {The \LaTeX{} Companion},
  publisher = {Addison-Wesley Professional},
  edition = {2}
}

@misc{web:lang:stats,
  author = {W3Techs},
  title = {Usage Statistics of Content Languages
           for Websites},
  year = {2017},
  note = {Last accessed 16 September 2017},
  url = {http://w3techs.com/technologies/overview/content_language/all}
}

@article{zhao1999oxidation,
  title={Oxidation of primary alcohols to carboxylic acids with sodium chlorite catalyzed by TEMPO and bleach},
  author={Zhao, Mangzhu and Li, Jing and Mano, Eiichi and Song, Zhiguo and Tschaen, David M and Grabowski, Edward JJ and Reider, Paul J},
  journal={The Journal of Organic Chemistry},
  volume={64},
  number={7},
  pages={2564--2566},
  year={1999},
  publisher={ACS Publications}
}

@inproceedings{weber2016untrusted,
  title={Untrusted business process monitoring and execution using blockchain},
  author={Weber, Ingo and Xu, Xiwei and Riveret, R{\'e}gis and Governatori, Guido and Ponomarev, Alexander and Mendling, Jan},
  booktitle={International Conference on Business Process Management},
  pages={329--347},
  year={2016},
  organization={Springer}
}

@inproceedings{rivest2001leak,
  title={How to leak a secret},
  author={Rivest, Ronald L and Shamir, Adi and Tauman, Yael},
  booktitle={International Conference on the Theory and Application of Cryptology and Information Security},
  pages={552--565},
  year={2001},
  organization={Springer}
}


@misc{van2013cryptonote,
  title={CryptoNote v 2.0},
  author={Van Saberhagen, Nicolas},
  year={2013}
}

